@inproceedings{Stacker_an_autonomic_data_movement_engine_for_extreme-scale_data_staging-based_in-situ_workflows,
 author = {Subedi, Pradeep and Davis, Philip and Duan, Shaohua and Klasky, Scott and Kolla, Hemanth and Parashar, Manish},
 title = {Stacker: An Autonomic Data Movement Engine for Extreme-scale Data Staging-based In-situ Workflows},
 booktitle = {Proceedings of the International Conference for High Performance Computing, Networking, Storage, and Analysis},
 series = {SC '18},
 year = {2018},
 location = {Dallas, Texas},
 pages = {73:1--73:11},
 articleno = {73},
 numpages = {11},
 url = {http://dl.acm.org/citation.cfm?id=3291656.3291754},
 acmid = {3291754},
 publisher = {IEEE Press},
 address = {Piscataway, NJ, USA},
 keywords = {data prefetching, extreme scale data staging, high performance computing, machine learning},
}
