@INPROCEEDINGS{HDFS, 
author={K. {Shvachko} and H. {Kuang} and S. {Radia} and R. {Chansler}}, 
booktitle={2010 IEEE 26th Symposium on Mass Storage Systems and Technologies (MSST)}, 
title={The Hadoop Distributed File System}, 
year={2010}, 
volume={}, 
number={}, 
pages={1-10}, 
keywords={distributed databases;Internet;network operating systems;Hadoop distributed file system;data stream;data storage;enterprise data;Yahoo!;File systems;Bandwidth;Concurrent computing;Distributed computing;Computer architecture;File servers;Facebook;Protocols;Protection;Clustering algorithms;Hadoop;HDFS;distributed file system}, 
doi={10.1109/MSST.2010.5496972}, 
ISSN={2160-195X}, 
month={May},}

@inproceedings{Ceph,
 author = {Weil, Sage A. and Brandt, Scott A. and Miller, Ethan L. and Long, Darrell D. E. and Maltzahn, Carlos},
 title = {Ceph: A Scalable, High-performance Distributed File System},
 booktitle = {Proceedings of the 7th Symposium on Operating Systems Design and Implementation},
 series = {OSDI '06},
 year = {2006},
 isbn = {1-931971-47-1},
 location = {Seattle, Washington},
 pages = {307--320},
 numpages = {14},
 url = {http://dl.acm.org/citation.cfm?id=1298455.1298485},
 acmid = {1298485},
 publisher = {USENIX Association},
 address = {Berkeley, CA, USA},
}


@inproceedings{WhyDoes,
 author = {Shriver, Elizabeth and Small, Christopher and Smith, Keith A.},
 title = {Why Does File System Prefetching Work?},
 booktitle = {Proceedings of the Annual Conference on USENIX Annual Technical Conference},
 series = {ATEC '99},
 year = {1999},
 location = {Monterey, California},
 pages = {6--6},
 numpages = {1},
 url = {http://dl.acm.org/citation.cfm?id=1268708.1268714},
 acmid = {1268714},
 publisher = {USENIX Association},
 address = {Berkeley, CA, USA},
} 

@inproceedings{SkipGram,
  author    = {Tomas Mikolov and
               Kai Chen and
               Greg Corrado and
               Jeffrey Dean},
  title     = {Efficient Estimation of Word Representations in Vector Space},
  booktitle = {1st International Conference on Learning Representations, {ICLR} 2013,
               Scottsdale, Arizona, USA, May 2-4, 2013, Workshop Track Proceedings},
  year      = {2013},
  url       = {http://arxiv.org/abs/1301.3781},
  timestamp = {Thu, 25 Jul 2019 14:25:36 +0200},
  biburl    = {https://dblp.org/rec/bib/journals/corr/abs-1301-3781},
  bibsource = {dblp computer science bibliography, https://dblp.org}
}
